<collection xmlns="http://www.loc.gov/MARC21/slim">
   <record>
      <leader>04288pam a2200445 i 4500</leader>
      <controlfield tag="001">6803088</controlfield>
      <controlfield tag="003">OCoLC</controlfield>
      <controlfield tag="005">20150128134150.0</controlfield>
      <controlfield tag="008">140818s2015    nyua     b    001 0 eng  </controlfield>
      <datafield ind1=" " ind2=" " tag="010">
         <subfield code="a">  2014022355</subfield>
      </datafield>
      <datafield ind1=" " ind2=" " tag="020">
         <subfield code="a">9781138787377 (hbk)</subfield>
      </datafield>
      <datafield ind1=" " ind2=" " tag="020">
         <subfield code="a">113878737X (hbk)</subfield>
      </datafield>
      <datafield ind1=" " ind2=" " tag="020">
         <subfield code="z">9781315762821 (ebk)</subfield>
      </datafield>
      <datafield ind1=" " ind2=" " tag="035">
         <subfield code="a">ocn903345848</subfield>
      </datafield>
      <datafield ind1=" " ind2=" " tag="040">
         <subfield code="a">DLC</subfield>
         <subfield code="b">eng</subfield>
         <subfield code="e">rda</subfield>
         <subfield code="c">DLC</subfield>
         <subfield code="d">YDXCP</subfield>
         <subfield code="d">BTCTA</subfield>
         <subfield code="d">OCLCO</subfield>
         <subfield code="d">BDX</subfield>
         <subfield code="d">CHVBK</subfield>
         <subfield code="d">CDX</subfield>
         <subfield code="d">OCLCF</subfield>
         <subfield code="d">UAB</subfield>
         <subfield code="d">AEU</subfield>
      </datafield>
      <datafield ind1=" " ind2=" " tag="042">
         <subfield code="a">pcc</subfield>
      </datafield>
      <datafield ind1=" " ind2=" " tag="043">
         <subfield code="a">e------</subfield>
      </datafield>
      <datafield ind1="0" ind2="0" tag="050">
         <subfield code="a">P96.A83</subfield>
         <subfield code="b">R48 2015</subfield>
      </datafield>
      <datafield ind1="0" ind2="0" tag="082">
         <subfield code="a">302.23072/04</subfield>
         <subfield code="2">23</subfield>
      </datafield>
      <datafield ind1=" " ind2=" " tag="090">
         <subfield code="a">P 96 A83 R48 2015</subfield>
         <subfield code="b">AEU</subfield>
      </datafield>
      <datafield ind1="0" ind2="0" tag="245">
         <subfield code="a">Revitalising audience research :</subfield>
         <subfield code="b">innovations in European audience research /</subfield>
         <subfield code="c">edited by Frauke Zeller, Cristina Ponte and Brian O'Neill.</subfield>
      </datafield>
      <datafield ind1="3" ind2=" " tag="246">
         <subfield code="a">Revitalizing audience research</subfield>
      </datafield>
      <datafield ind1=" " ind2="1" tag="264">
         <subfield code="a">New York :</subfield>
         <subfield code="b">Routledge, Taylor &amp; Francis Group,</subfield>
         <subfield code="c">2015.</subfield>
      </datafield>
      <datafield ind1=" " ind2=" " tag="300">
         <subfield code="a">viii, 294 pages :</subfield>
         <subfield code="b">illustrations ;</subfield>
         <subfield code="c">24 cm.</subfield>
      </datafield>
      <datafield ind1=" " ind2=" " tag="336">
         <subfield code="a">text</subfield>
         <subfield code="2">rdacontent</subfield>
         <subfield code="0">http://id.loc.gov/vocabulary/contentTypes/txt</subfield>
      </datafield>
      <datafield ind1=" " ind2=" " tag="337">
         <subfield code="a">unmediated</subfield>
         <subfield code="2">rdamedia</subfield>
         <subfield code="0">http://id.loc.gov/vocabulary/mediaTypes/n</subfield>
      </datafield>
      <datafield ind1=" " ind2=" " tag="338">
         <subfield code="a">volume</subfield>
         <subfield code="2">rdacarrier</subfield>
         <subfield code="0">http://id.loc.gov/vocabulary/carriers/nc</subfield>
      </datafield>
      <datafield ind1="1" ind2=" " tag="490">
         <subfield code="a">Routledge studies in European communication research and education ;</subfield>
         <subfield code="v">5</subfield>
      </datafield>
      <datafield ind1=" " ind2=" " tag="504">
         <subfield code="a">Includes bibliographical references and index.</subfield>
      </datafield>
      <datafield ind1="0" ind2=" " tag="505">
         <subfield code="a">Introduction : revitalising audience research: innovations in European audience research / Frauke Zeller, Cristina Ponte, and Brian O'Neill -- Methodological revitalisation and innovation. Lost in transition? conducting a hybrid ethnography "in" and "out" of Second Life / Katleen Gabriels and Joke Bauwens -- "If you asked me..." exploring autoethnography as a means to critically assess and advance audience research / Alexander Dhoest -- Expanding the reach of the interview in audience and reception research: the performative and participatory models of interview / David Mathieu and Maria José Brites -- Software studies and the new audiencehood of the digital ecology / Craig Hight -- Emergent group identity construal in online discussions: a linguistic perspective / Barbara Lewandowska-Tomaszczyk -- Using linguistic ethnography to study techno eliteness of social media audiences / Joke Beyl and Yuwei Lin -- Exploring landscapes of news consumption cross-nationally: the use of q methodology to fuse quantitative and qualitative approaches for increased explanatory power in comparative research / Cédric Courtois, Kim Christian Schrøder, and Christian Kobbernagel -- New fields of research, new challenges. From the womb to the tomb: conceptual similarities in studying the youngest and the oldest of audiences / Dafna Lemish and Galit Nimrod -- Grey zones: audience research, moral evaluations and online risk negotiation / Ingunn Hagen and Ana Jorge -- Using and not using social media: what triggers young people's practices on social network sites? / Christine W. Trültzsch-Wijnen, Sascha Trültzsch-Wijnen and Andra Siibak -- Audiences as socio-technical actors: the "styles" of social network site users / Piermarco Aroldi and Nicoletta Vittadini -- The intermediality of cross-media audiences: the case of digital television / Taisto Hujanen and Seppo Kangaspunta -- Exploring audience activities and their power-relatedness in the digitalised city: diversity and routinisation of people's media relations in the triply articulated urban space /Seija Ridell -- Big data in audience research: a critical perspective / Frauke Zeller.</subfield>
      </datafield>
      <datafield ind1=" " ind2=" " tag="596">
         <subfield code="a">16</subfield>
      </datafield>
      <datafield ind1=" " ind2="0" tag="650">
         <subfield code="a">Mass media</subfield>
         <subfield code="x">Audiences</subfield>
         <subfield code="x">Research</subfield>
         <subfield code="z">Europe.</subfield>
      </datafield>
      <datafield ind1="1" ind2=" " tag="700">
         <subfield code="a">Zeller, Frauke,</subfield>
         <subfield code="e">editor.</subfield>
         <subfield code="0">http://id.loc.gov/authorities/names/n2014050126</subfield>
         <subfield code="0">http://viaf.org/viaf/310613140</subfield>
      </datafield>
      <datafield ind1="1" ind2=" " tag="700">
         <subfield code="a">Ponte, Cristina,</subfield>
         <subfield code="d">1956-</subfield>
         <subfield code="e">editor.</subfield>
         <subfield code="0">http://id.loc.gov/authorities/names/n2005034987</subfield>
         <subfield code="0">http://viaf.org/viaf/57779588</subfield>
      </datafield>
      <datafield ind1="1" ind2=" " tag="700">
         <subfield code="a">O'Neill, Brian,</subfield>
         <subfield code="d">1961-</subfield>
         <subfield code="e">editor.</subfield>
         <subfield code="0">http://id.loc.gov/authorities/names/no2009178710</subfield>
         <subfield code="0">http://viaf.org/viaf/103013413</subfield>
      </datafield>
      <datafield ind1=" " ind2=" " tag="758">
         <subfield code="0">http://worldcat.org/entity/work/id/4241417859</subfield>
      </datafield>
      <datafield ind1="0" ind2=" " tag="787">
         <subfield code="n">OCLC Work Id</subfield>
         <subfield code="o">http://worldcat.org/entity/work/id/4241417859</subfield>
      </datafield>
      <datafield ind1=" " ind2="0" tag="830">
         <subfield code="a">Routledge studies in European communication research and education ;</subfield>
         <subfield code="v">5.</subfield>
      </datafield>
      <datafield ind1=" " ind2=" " tag="949">
         <subfield code="a">P 96 A83 R48 2015</subfield>
         <subfield code="c">1</subfield>
         <subfield code="h">UAAU-B</subfield>
         <subfield code="i">0162035239316</subfield>
      </datafield>
      <datafield ind1=" " ind2=" " tag="926">
         <subfield code="a">P 96 A83 R48 2015</subfield>
         <subfield code="w">LC</subfield>
         <subfield code="c">1</subfield>
         <subfield code="i">0162035239316</subfield>
         <subfield code="l">ON_SHELF</subfield>
         <subfield code="m">UAAUG</subfield>
         <subfield code="p">$150.00</subfield>
         <subfield code="r">Y</subfield>
         <subfield code="s">Y</subfield>
         <subfield code="t">BOOK</subfield>
         <subfield code="u">2/11/2015</subfield>
      </datafield>
   </record>
</collection>
